@article{DraElisa,
  author = {Dra Elisa Schaeffer},
  title = {Repositorio Github, Simulation, Brownian Motion},
  journal = {GitHub},
  year = 2020,
  volume = 0,
  number = 0,
  pages = {0},
  doi = {0.0/.}
}

@misc{manualL,
author = {manual del latex},
title = {{Crear una bibliografía en latex}},
howpublished = "\url{https://manualdelatex.com/tutoriales/bibliografia/}",
year= 2021,
note = "[Online; accessed 30-August-2021]"
}

@misc{browniano,
author = {Dra Elisa Schaeffer},
title = {{Práctica 1: movimiento Browniano}},
howpublished = "\url{https://elisa.dyndns-web.com/teaching/comp/par/p1.html/}",
year= 2021,
note = "[Online; accessed 29-August-2021]"
}

@misc{tutorialr,
author = {Dra Elisa Schaeffer},
title = {{Práctica 1: movimiento Browniano}},
howpublished = "\url{https://elisa.dyndns-web.com/teaching/comp/par/tutorial/R.html/}",
year= 2021,
note = "[Online; accessed 30-August-2021]"
}
