@misc{shapiro,
        title = {{Cómo hacer la Prueba de Normalidad} en {R}},
        year = {2020},
        organization = {Youtube},
        author = {El {T}ío {E}stadístico},
        url = {https://www.youtube.com/watch?v=LAzSb6jCFbs}}
        
@misc{Kruskall,
        title = {Kruskall-Wallis en {RS}tudio},
        year = {2020},
        organization = {Youtube},
        author = {José Antonio: Estadística Aplicada},
        url = {https://www.youtube.com/watch?v=WEjudFpbCcE}}
        
@misc{pruebass,
        title = {{9 Non Parametric tests}},
        year = {2020},
        organization = {bookdown},
        author = {Thomas Pernet},
        url = {https://bookdown.org/thomas_pernet/Tuto/non-parametric-tests.html}}
        
@misc{busqueda,
author = {Elisa {S}chaeffer},
title = {{Práctica 7: búsqueda local}},
howpublished = "\url{https://elisa.dyndns-web.com/teaching/comp/par/p7.html/}",
year= 2021,
note = "[Online; accessed 11-October-2021]"
}

@misc{twitchsimu,
        title = {Simulación: búsqueda local (P7)},
        year = {2021},
        organization = {twitch},
        author = {Elisa {S}chaeffer},
        url = {https://www.twitch.tv/videos/1169298413}}
        
@misc{gif,
        title = {{graficagif.gif}},
        year = {2021},
        organization = {github},
        author = {eduartilon},
        url = {https://github.com/eduartilon/Simulacion/blob/main/tarea7/graficagif.gif}}
