@misc{colas,
author = {Elisa Schaeffer},
title = {{Práctica 3: teoría de colas}},
howpublished = "\url{https://elisa.dyndns-web.com/teaching/comp/par/p3.html/}",
year= 2021,
note = "[Online; accessed 14-September-2021]"
}

@misc{youtubesimu,
        title = {Simulación: hilos y primos (P3 AD21)},
        year = {2021},
        organization = {Youtube},
        author = {Elisa Schaeffer},
        url = {https://www.youtube.com/watch?v=IJpQheI6jSM&list=PLSxaeMB7D94_Bpql8yH0NkRuPqiKKTXNM&index=32}}
        
@misc{pandas,
        title = {Pandas dataframe only storing last value of iteration},
        year = {2019},
        organization = {stackoverflow},
        author = {Mattias},
        url = {https://stackoverflow.com/questions/57041269/pandas-dataframe-only-storing-last-value-of-iteration?answertab=oldest#tab-top}}
        
@misc{wet, 
 title={Colour for R code chunk in listings package}, url={https://stackoverflow.com/questions/21402157/colour-for-r-code-chunk-in-listings-package/21468454}, 
 journal={Stack Overflow}, 
 author={Wet FeetWet Feet 4 and lokiloki 8}, 
 year={1962},
 month={Jun}}
 
 @misc{redmode, 
 title={How to highlight Python syntax in LaTeX Listings \textbackslash lstinputlistings command}, url={https://tex.stackexchange.com/questions/83882/how-to-highlight-python-syntax-in-latex-listings-lstinputlistings-command}, journal={TeX},
 author={redmode, inavda},
 year={1961}, month={Apr}}

@misc{shapiro,
        title = {Cómo hacer la PRUEBA DE NORMALIDAD ✅ en R},
        year = {2020},
        organization = {Youtube},
        author = {El Tío Estadístico},
        url = {https://www.youtube.com/watch?v=LAzSb6jCFbs}}
        
@misc{Kruskall,
        title = {Kruskall-Wallis en RStudio},
        year = {2020},
        organization = {Youtube},
        author = {José Antonio: Estadística Aplicada},
        url = {https://www.youtube.com/watch?v=WEjudFpbCcE}}
