@misc{shapiro,
        title = {{Cómo hacer la Prueba de Normalidad} en {R}},
        year = {2020},
        organization = {Youtube},
        author = {El {T}ío {E}stadístico},
        url = {https://www.youtube.com/watch?v=LAzSb6jCFbs}}
        
@misc{pairwise,
        title = {{9 Non Parametric tests}},
        year = {2020},
        organization = {bookdown},
        author = {Thomas Pernet},
        url = {https://bookdown.org/thomas_pernet/Tuto/non-parametric-tests.html}}
        
@misc{algenetic,
author = {Elisa {S}chaeffer},
title = {{Práctica 10: algoritmo genético}},
howpublished = "\url{https://elisa.dyndns-web.com/teaching/comp/par/p10.html/}",
year= 2021,
note = "[Online; accessed 2-November-2021]"
}

@misc{twitchsimu,
        title = {Simulación: algoritmo genético (P10, AD21)},
        year = {2021},
        organization = {twitch},
        author = {Elisa {S}chaeffer},
        url = {https://www.twitch.tv/videos/1188685632}}
        
@misc{maria,
  author = {María Montemayor},
  title = {Algoritmo genetico},
  year = 2021,
  url = {https://github.com/MariaMontemayor/Simul/tree/main/tarea10}
}

@misc{contador,
author = {dww},
title = {{Is there a way to incorporate a countdown timer into an R function?}},
howpublished = "\url{https://stackoverflow.com/questions/56857150/is-there-a-way-to-incorporate-a-countdown-timer-into-an-r-function/}",
year= 2021,
organization = {stackoverflow},
note = "[Online; accessed 2-November-2021]"
}

@misc{eduardo,
  author = {eduartilon},
  title = {tarea10},
  year = 2021,
  url = {https://github.com/eduartilon/Simulacion/tree/main/tarea10}
}
