@misc{shapiro,
        title = {{Cómo hacer la Prueba de Normalidad} en {R}},
        year = {2020},
        organization = {Youtube},
        author = {El {T}ío {E}stadístico},
        url = {https://www.youtube.com/watch?v=LAzSb6jCFbs}}
        
@misc{Kruskall,
        title = {Kruskall-Wallis en {RS}tudio},
        year = {2020},
        organization = {Youtube},
        author = {José Antonio: Estadística Aplicada},
        url = {https://www.youtube.com/watch?v=WEjudFpbCcE}}
        
@misc{redneuro,
author = {Elisa {S}chaeffer},
title = {{Práctica 12: red neuronal}},
howpublished = "\url{https://elisa.dyndns-web.com/teaching/comp/par/p12.html/}",
year= 2021,
}

@misc{twitchsimu,
        title = {Simulación P12: redes neuronales},
        year = {2021},
        organization = {twitch},
        author = {Elisa {S}chaeffer},
        url = {https://www.twitch.tv/videos/1201719097}}
        
@misc{fscore,
        title = {{Calculate the F1 score of precision and recall in R}},
        year = {2016},
        organization = {Stack Exchange},
        author = {Boern},
        url = {https://stats.stackexchange.com/questions/138690/calculate-the-f1-score-of-precision-and-recall-in-r/}}
