
@ARTICLE{calandraimg,
  author  = {Pietro Calandra and Giuseppe Calogero and Alessandro Sinopoli and Pietro Giuseppe Gucciardi},
  title   = {Metal Nanoparticles and Carbon-Based Nanostructures as Advanced Materials for Cathode Application in Dye-Sensitized Solar Cells.},
  journal = {International Journal of Photoenergy.}, 
  volume  = {2010},
  year    = {2010},
  pages   = {1-15}
}

@ARTICLE{Marshgrap,
  author  = {Dan H. Marsh and Graham A. Rance and Richard J. Whitby and Francesco Giustiniano and Andrei N. Khlobystov},
  title   = {Assembly, structure and electrical conductance of carbon nanotube–gold nanoparticle 2D heterostructures.},
  journal = {Journal of Materials Chemistry.}, 
  volume  = {19},
  year    = {2008},
  pages   = {2249-2256}
}

@ARTICLE{Bogdanovskayatab,
  author  = {Bogdanovskaya, V. and Inna Vernigor and Marina Radina and Vladimir Andreev and Oleg Korchagin},
  title   = {Nanocomposite Cathode Catalysts Containing Platinum Deposited on Carbon Nanotubes Modified by O, N, and P Atoms.},
  journal = {Catalysts.}, 
  volume  = {11},
  year    = {2021},
  pages   = {335}
}

@misc{jvanwijk_oliver_2019, 
title={Filling a matrix with for-loop output}, url={https://stackoverflow.com/a/55752923}, 
journal={Stack Overflow},
author={JvanWijk and Oliver},
year={2019}, month={Apr}}

@misc{shapiro,
        title = {{Cómo hacer la Prueba de Normalidad} en {R}},
        year = {2020},
        organization = {Youtube},
        author = {El {T}ío {E}stadístico},
        url = {https://www.youtube.com/watch?v=LAzSb6jCFbs}}
        
@misc{Kruskall,
        title = {Kruskall-Wallis en {RS}tudio},
        year = {2020},
        organization = {Youtube},
        author = {José Antonio: Estadística Aplicada},
        url = {https://www.youtube.com/watch?v=WEjudFpbCcE}}
        
@misc{pairwise,
        title = {{9 Non Parametric tests}},
        year = {2020},
        organization = {bookdown},
        author = {Thomas Pernet},
        url = {https://bookdown.org/thomas\_pernet/Tuto/non-parametric-tests.html}
       }
      
@misc{eduartilon,
  author = {Eduardo Navarro},
  title = {Simulación},
  year = 2021,
  url = {https://github.com/eduartilon/Simulacion}
}
