@book{demo,
author = {Person},
title = {Title},
publisher = {Company},
year = 2017
}


@ARTICLE{calandraimg,
  author  = {Pietro Calandra and others},
  title   = {Metal Nanoparticles and Carbon-Based Nanostructures as Advanced Materials for Cathode Application in Dye-Sensitized Solar Cells.},
  journal = {International Journal of Photoenergy.}, 
  volume  = {2010},
  year    = {2010},
  pages   = {1-15}
}

@ARTICLE{Marshgrap,
  author  = {Marsh, D. and others},
  title   = {Assembly, structure and electrical conductance of carbon nanotubeâ€“gold nanoparticle 2D heterostructures.},
  journal = {Journal of Materials Chemistry.}, 
  volume  = {19},
  year    = {2008},
  pages   = {2249-2256}
}

@ARTICLE{Bogdanovskayatab,
  author  = {Bogdanovskaya, V. and others},
  title   = {Nanocomposite Cathode Catalysts Containing Platinum Deposited on Carbon Nanotubes Modified by O, N, and P Atoms.},
  journal = {Catalysts.}, 
  volume  = {11},
  year    = {2021},
  pages   = {335}
}

