@misc{shapiro,
        title = {{Cómo hacer la Prueba de Normalidad} en {R}},
        year = {2020},
        organization = {Youtube},
        author = {El {T}ío {E}stadístico},
        url = {https://www.youtube.com/watch?v=LAzSb6jCFbs}}
        
@misc{pairwise,
        title = {{9 Non Parametric tests}},
        year = {2020},
        organization = {bookdown},
        author = {Thomas Pernet},
        url = {https://bookdown.org/thomas_pernet/Tuto/non-parametric-tests.html}}
        
@misc{Kruskall,
        title = {Kruskall-Wallis en {RS}tudio},
        year = {2020},
        organization = {Youtube},
        author = {José Antonio: Estadística Aplicada},
        url = {https://www.youtube.com/watch?v=WEjudFpbCcE}}
        
@misc{pareto,
author = {Elisa {S}chaeffer},
title = {{Práctica 11: frentes de Pareto}},
howpublished = "\url{https://elisa.dyndns-web.com/teaching/comp/par/p11.html/}",
year= 2021,
note = "[Online; accessed 1-Noviembre-2021]"
}

@misc{twitchsimu,
        title = {Simulación P11: Frentes de Pareto},
        year = {2021},
        organization = {twitch},
        author = {Elisa {S}chaeffer},
        url = {https://www.twitch.tv/videos/1195144993}}
        
@misc{kmean,
        title = {{The complete guide to clustering analysis: k-means and hierarchical clustering by hand and in R}},
        year = {2020},
        organization = {Stats and R},
        author = {Antoine Soetewey},
        url = {https://statsandr.com/blog/clustering-analysis-k-means-and-hierarchical-clustering-by-hand-and-in-r/}}
