@misc{shapiro,
        title = {{Cómo hacer la Prueba de Normalidad} en {R}},
        year = {2020},
        organization = {Youtube},
        author = {El {T}ío {E}stadístico},
        url = {https://www.youtube.com/watch?v=LAzSb6jCFbs}}
        
@misc{anova,
        title = {{ANOVA in R: A step-by-step guide}},
        year = {2020},
        organization = {scribbr},
        author = {Rebecca Bevans},
        url = {https://www.scribbr.com/statistics/anova-in-r/}}
        
@misc{pairwise,
        title = {{9 Non Parametric tests}},
        year = {2020},
        organization = {bookdown},
        author = {Thomas Pernet},
        url = {https://bookdown.org/thomas_pernet/Tuto/non-parametric-tests.html}}
        
@misc{urnas,
author = {Elisa {S}chaeffer},
title = {{Práctica 8: modelo de urnas}},
howpublished = "\url{https://elisa.dyndns-web.com/teaching/comp/par/p8.html/}",
year= 2021,
note = "[Online; accessed 17-October-2021]"
}

@misc{twitchsimu,
        title = {P8: modelo de urnas (Simulación AD21)},
        year = {2021},
        organization = {twitch},
        author = {Elisa {S}chaeffer},
        url = {https://www.twitch.tv/videos/1175840438}}
