@misc{voronoi,
author = {Elisa {S}chaeffer},
title = {{Práctica 4: diagramas de Voronoi}},
howpublished = "\url{https://elisa.dyndns-web.com/teaching/comp/par/p4.html/}",
year= 2021,
note = "[Online; accessed 14-September-2021]"
}

@misc{twitchsimu,
        title = {Simulación {P4 AD21}},
        year = {2021},
        organization = {twitch},
        author = {Elisa {S}chaeffer},
        url = {https://www.twitch.tv/videos/1149701396}}

@misc{shapiro,
        title = {{Cómo hacer la PRUEBA DE NORMALIDAD} en {R}},
        year = {2020},
        organization = {Youtube},
        author = {El {T}ío {E}stadístico},
        url = {https://www.youtube.com/watch?v=LAzSb6jCFbs}}
        
@misc{Kruskall,
        title = {Kruskall-Wallis en {RS}tudio},
        year = {2020},
        organization = {Youtube},
        author = {José Antonio: Estadística Aplicada},
        url = {https://www.youtube.com/watch?v=WEjudFpbCcE}}
