@article{DraElisa,
  author = {Dra Elisa Schaeffer},
  title = {Repositorio Github, Simulation, CellularAutomata},
  journal = {GitHub},
  year = 2020,
  volume = 0,
  number = 0,
  pages = {0},
  doi = {0.0/.}
}

@misc{automata,
author = {Dra Elisa Schaeffer},
title = {{Práctica 2: autómata celular}},
howpublished = "\url{https://elisa.dyndns-web.com/teaching/comp/par/p2.html/}",
year= 2021,
note = "[Online; accessed 29-August-2021]"
}

@misc{youtubePlot,
        title = {Set Axis Limits in ggplot2 R Plot (3 Examples) | How to Adjust the Range of Axes},
        year = {2019},
        organization = {Youtube},
        author = {Statistics Globe},
        url = {https://www.youtube.com/watch?v=u2qtt-UFIWs}}
        
@misc{hadley, 
title={Create Elegant Data Visualisations Using the Grammar of Graphics}, 
author={Hadley wickham},
journal={Create Elegant Data Visualisations Using the Grammar of Graphics • ggplot2},
url={https://ggplot2.tidyverse.org/index.html},
year = 2019}


@misc{youtubeaggregate,
        title = {How to Use the Aggregate Function in R},
        year = {2020},
        organization = {Youtube},
        author = {Becoming a Data Scientist},
        url = {https://www.youtube.com/watch?v=RGgkBtacpMY}}
