@misc{multiagente,
author = {Elisa {S}chaeffer},
title = {{Práctica 6: sistema multiagente}},
howpublished = "\url{https://elisa.dyndns-web.com/teaching/comp/par/p6.html/}",
year= 2021,
note = "[Online; accessed 05-September-2021]"
}

@misc{twitchsimu,
        title = {Simulación: P6},
        year = {2021},
        organization = {twitch},
        author = {Elisa {S}chaeffer},
        url = {https://www.twitch.tv/videos/1162816819}}

@misc{shapiro,
        title = {{Cómo hacer la Prueba de Normalidad} en {R}},
        year = {2020},
        organization = {Youtube},
        author = {El {T}ío {E}stadístico},
        url = {https://www.youtube.com/watch?v=LAzSb6jCFbs}}
        
@misc{Kruskall,
        title = {Kruskall-Wallis en {RS}tudio},
        year = {2020},
        organization = {Youtube},
        author = {José Antonio: Estadística Aplicada},
        url = {https://www.youtube.com/watch?v=WEjudFpbCcE}}
        
@misc{pruebass,
        title = {{9 Non Parametric tests}},
        year = {2020},
        organization = {bookdown},
        author = {Thomas Pernet},
        url = {https://bookdown.org/thomas_pernet/Tuto/non-parametric-tests.html}}
