@misc{shapiro,
        title = {{Cómo hacer la Prueba de Normalidad} en {R}},
        year = {2020},
        organization = {Youtube},
        author = {El {T}ío {E}stadístico},
        url = {https://www.youtube.com/watch?v=LAzSb6jCFbs}}
        
@misc{pairwise,
        title = {{9 Non Parametric tests}},
        year = {2020},
        organization = {bookdown},
        author = {Thomas Pernet},
        url = {https://bookdown.org/thomas_pernet/Tuto/non-parametric-tests.html}}
        
@misc{Kruskall,
        title = {Kruskall-Wallis en {RS}tudio},
        year = {2020},
        organization = {Youtube},
        author = {José Antonio: Estadística Aplicada},
        url = {https://www.youtube.com/watch?v=WEjudFpbCcE}}
        
@misc{particulas,
author = {Elisa {S}chaeffer},
title = {{Práctica 9: interacciones entre partículas}},
howpublished = "\url{https://elisa.dyndns-web.com/teaching/comp/par/p9.html/}",
year= 2021,
note = "[Online; accessed 26-October-2021]"
}

@misc{twitchsimu,
        title = {Simulación: interacción de partículas (P9)},
        year = {2021},
        organization = {twitch},
        author = {Elisa {S}chaeffer},
        url = {https://www.twitch.tv/videos/1182255394}}
        
@misc{maria,
  author = {María Montemayor},
  title = {Interacciones entre partículas},
  year = 2021,
  url = {https://github.com/MariaMontemayor/Simul/tree/main/tarea9}
}
